@inproceedings{unsupervised,
    author={Quoc V. Le and Marc' Aurelio Ranzato and Rajat Monga and Matthieu Devin and Kai Chen and Greg S. Corrado and Jeff Deau and Andrew Y. Ng.},
    title={Building High-Level Features Using Large Scale Unsupervised Learning},
    booktitle={Proceedings of the 29 th International Confer- ence on Machine Learning},
    year={2012},
    address={Edinburgh, Scotland, UK}
}

@article{deeplearning,
    author={Yann LeCun and Yoshua Bengio and Geoffrey Hinton},
    title={Deep Learning},
    journal={Macmillan Publishers Limited},
    year=2015,
    volume={521},
    pages={436-444}
}

@unpublished{rnn,
    title={Visualizing and Understanding Reccurent Networks},
    author={Andrej Karpathy and Justin Johnson and Li Fei-Fei},
    year={2015},
    note={Under review as a conference paper at ICLR 2016}
}

@inproceedings{snips16,
    author={Tristan Deleu and Joseph Dureau},
    title={Learning Operations on a Stack with Neural Turing Machines},
    booktitle={1st Workshop on Neural Abstract Machines & Program Induction (NAMPI)},
    year={2016},
    address={Barcelona, Spain}
}

@inproceedings{Mikolov2011SubwordLM,
    title={Subword Language Modeling with Neural Networks},
    author={Tomas Mikolov and Ilya Sutskever and Anoop Deoras and Hai-Son Le and Stefan Kombrink and Jan Cernock{\'y}},
    year={2011}
}

@inproceedings{Mikolov2010NeuralLM,
    title={Recurrent neural network based language model},
    author={Tomas Mikolov and Martin Karafi{\'a}t and Lukas Burget and Jan Cernock{\'y} and Sanjeev Khudanpur},
    booktitle={Interspeech},
    volume={2},
    year={2010}
}

@unpublished{Zaremba2014LSTM,
    title={Recurrent neural network regularization},
    author={Wojciech Zaremba and Ilya Sutskever and and Oriol Vinyals},
    year={2014},
    note={arXiv preprint arXiv:1409.2329}
}

@unpublished{Salakhutdinov2017Softmax,
    title={Breaking the Softmax Bottleneck: A High-Rank {RNN} Language Model},
    author={Zhilin Yang and Zihang Dai and Ruslan Salakhutdinov and William W. Cohen},
    year={2017},
    note={Under review as a conference paper at ICLR 2018}
}

@article{Mikolov2011ExtensionsOR,
    title={Extensions of recurrent neural network language model},
    author={Tomas Mikolov and Stefan Kombrink and Luk{\'a}s Burget and Jan Cernock{\'y} and Sanjeev Khudanpur},
    journal={2011 IEEE International Conference on Acoustics, Speech and Signal Processing (ICASSP)},
    year={2011},
    pages={5528-5531}
}

@unpublished{Quoc2017Reinforcement,
    title={Neural Architecture Search with Reinforcement Learning},
    author={Barret Zoph and Quoc V. Le},
    year={2017},
    note={arXiv preprint arXiv:1611.01578}
}